<record><leader>00000cas a2200000 a 4500</leader><controlfield tag="001">9647533</controlfield><controlfield tag="008">830625d18441849inuwr ne      0   a0eng c</controlfield><datafield ind1=" " ind2=" " tag="010"><subfield code="a">sn 83025601 </subfield></datafield><datafield ind1=" " ind2=" " tag="040"><subfield code="a">NPV</subfield><subfield code="b">eng</subfield><subfield code="c">NPV</subfield><subfield code="d">NPI</subfield><subfield code="d">CUI</subfield><subfield code="d">OCLCQ</subfield><subfield code="d">OCLCF</subfield></datafield><datafield ind1="1" ind2=" " tag="029"><subfield code="a">AU@</subfield><subfield code="b">000025815742</subfield></datafield><datafield ind1=" " ind2=" " tag="042"><subfield code="a">pcc</subfield></datafield><datafield ind1=" " ind2=" " tag="043"><subfield code="a">n-us-in</subfield></datafield><datafield ind1=" " ind2=" " tag="045"><subfield code="a">w4w4</subfield></datafield><datafield ind1=" " ind2="4" tag="050"><subfield code="a">AN</subfield></datafield><datafield ind1=" " ind2=" " tag="052"><subfield code="a">4093</subfield><subfield code="b">P5</subfield></datafield><datafield ind1="0" ind2="0" tag="245"><subfield code="a">Western ranger.</subfield></datafield><datafield ind1=" " ind2=" " tag="260"><subfield code="a">Valparaiso, Ind. :</subfield><subfield code="b">W.M. Harrison</subfield></datafield><datafield ind1=" " ind2=" " tag="300"><subfield code="a">v. :</subfield><subfield code="b">ill. (chiefly advertisements) ;</subfield><subfield code="c">36-55 cm.</subfield></datafield><datafield ind1=" " ind2=" " tag="310"><subfield code="a">Weekly</subfield></datafield><datafield ind1="1" ind2=" " tag="362"><subfield code="a">Began in 1844.</subfield><subfield code="z">Cf. Miller, John W. Indiana newspaper bibliog.</subfield></datafield><datafield ind1="0" ind2=" " tag="362"><subfield code="a">-v. 5, no. 52 (July 25, 1849).</subfield></datafield><datafield ind1=" " ind2=" " tag="500"><subfield code="a">Editors: W.M. Harrison, &lt;1845&gt;; Wm. H. Harrison &amp; Wm. C. Talbot, &lt;1848&gt;.</subfield></datafield><datafield ind1=" " ind2=" " tag="500"><subfield code="a">Pro-Democratic party paper Cf. Miller.</subfield></datafield><datafield ind1=" " ind2=" " tag="588"><subfield code="a">Description based on: Vol. 1, no. 49 (Jan. 11, 1845).</subfield></datafield><datafield ind1=" " ind2="0" tag="651"><subfield code="a">Valparaiso (Ind.)</subfield><subfield code="v">Newspapers.</subfield></datafield><datafield ind1=" " ind2="0" tag="651"><subfield code="a">Porter County (Ind.)</subfield><subfield code="v">Newspapers.</subfield></datafield><datafield ind1=" " ind2="7" tag="655"><subfield code="a">Newspapers.</subfield><subfield code="2">fast</subfield><subfield code="0">(OCoLC)fst01423814</subfield></datafield><datafield ind1=" " ind2="7" tag="651"><subfield code="a">Indiana</subfield><subfield code="z">Porter County.</subfield><subfield code="2">fast</subfield><subfield code="0">(OCoLC)fst01215718</subfield></datafield><datafield ind1=" " ind2="7" tag="651"><subfield code="a">Indiana</subfield><subfield code="z">Valparaiso.</subfield><subfield code="2">fast</subfield><subfield code="0">(OCoLC)fst01210544</subfield></datafield><datafield ind1="1" ind2=" " tag="700"><subfield code="a">Harrison, William M.</subfield></datafield><datafield ind1=" " ind2=" " tag="752"><subfield code="a">United States</subfield><subfield code="b">Indiana</subfield><subfield code="c">Porter</subfield><subfield code="d">Valparaiso.</subfield></datafield><datafield ind1="0" ind2="8" tag="776"><subfield code="i">Online version:</subfield><subfield code="t">Western ranger (Online)</subfield><subfield code="w">(OCoLC)672105997</subfield></datafield><datafield ind1="0" ind2="0" tag="780"><subfield code="t">Republican (Valparaiso, Ind. : 1842)</subfield><subfield code="w">(DLC)sn 83025602</subfield><subfield code="w">(OCoLC)9647537</subfield></datafield><datafield ind1="0" ind2="0" tag="785"><subfield code="t">Practical observer (Valparaiso, Ind. : 1849)</subfield><subfield code="w">(DLC)sn 86058337</subfield><subfield code="w">(OCoLC)13213949</subfield></datafield></record>